
@article{ottesen_parameterised_2022,
	title = {A parameterised model of maize stem cross sectional morphology},
	volume = {218},
	issn = {15375110},
	language = {English},
	journal = {Biosystems Engineering},
	author = {Ottesen, Michael and Larson, Ryan and Stubbs, Christopher and Cook, Douglas},
	year = {2022},
	pages = {110--123},
}

@article{ottesen_development_2023,
	title = {Development and {Stochastic} {Validation} of a {Parameterized} {Model} of {Maize} {Stalk} {Flexure} and {Buckling}},
	journal = {In Silico Plants},
	author = {Ottesen, Michael and Carter, Joseph and Hall, Ryan and Liu, Nan-Wei and Cook, Douglas},
	year = {2023},
}

@article{stubbs_measuring_2019,
	title = {Measuring the transverse {Young}’s modulus of maize rind and pith tissues},
	volume = {84},
	journal = {Journal of Biomechanics},
	author = {Stubbs, Christopher and Sun, Wenhuan and Cook, Douglas},
	year = {2019},
	pages = {113--120},
}

@article{al-zube_elastic_2018,
	title = {The elastic modulus for maize stems},
	journal = {Plant Methods},
	author = {Al-Zube, Loay and Wenhuan, Sun and Robertson, Daniel and Cook, Douglas},
	year = {2018},
}

@article{sutherland_influence_2022,
	title = {The {Influence} of {Water} {Content} on the {Longitudinal} {Modulus} of {Elasticity} of {Maize} {Stalk} {Tissues}},
	author = {Sutherland, Brandon and Steele, Kirsten and Cook, Douglas},
	year = {2022},
}

@article{stubbs_bending_2018,
	title = {Bending {Stress} in {Plant} {Stems}:  {Models} and {Assumptions}},
	author = {Stubbs, Christopher and Baban, Navajit and Robertson, Daniel and Al-Zube, Loay and Cook, Douglas},
	year = {2018},
}

@article{stubbs_maize_2022,
	title = {Maize stalk stiffness and strength are primarily determined by morphological factors},
	author = {Stubbs, Christopher and Larson, Ryan and Cook, Douglas},
	year = {2022},
}

@article{von_forell_preventing_2015,
	title = {Preventing lodging in bioenergy crops: a biomechanical analysis of maize stalks suggests a new approach},
	volume = {66},
	number = {14},
	journal = {Journal of Experimental Botany},
	author = {Von Forell, Greg and Robertson, Daniel and Lee, Shien and Cook, Douglas},
	year = {2015},
	pages = {4367--4371},
}

@article{lempriere_poissons_1968,
	title = {Poisson's {Ratio} in {Orthotropic} {Materials}},
	author = {Lempriere, B. M.},
	year = {1968},
}

@book{budynas_roarks_2020,
	edition = {9},
	title = {Roark's {Formulas} for {Stress} and {Strain}},
	isbn = {978-1-260-45375-1},
	language = {English},
	publisher = {McGraw Hill},
	author = {Budynas, Richard and Sadegh, Ali},
	year = {2020},
}

@mastersthesis{ottesen_parametric_2020,
	title = {Parametric {Models} of {Maize} {Stalk} {Morphology}},
	language = {English},
	school = {Brigham Young University},
	author = {Ottesen, Michael},
	year = {2020},
}

@article{moran_new_2017,
	title = {A new method to measure the axial and shear moduli of bamboo},
	author = {Moran, Richard and Ghavami, Khosrow and García, José},
	year = {2017},
}

@article{askarinejad_effects_2015,
	title = {Effects of humidity on shear behavior of bamboo},
	author = {Askarinejad, Sina and Kotowski, Peter and Rahbar, Nima},
	year = {2015},
}

@article{zhang_tensile_2016,
	title = {Tensile {Properties} of {Maize} {Stalk} {Rind}},
	author = {Zhang, Lixian and Yang, Zhongping and Zhang, Qiang and Guo, Hongli},
	year = {2016},
}

@article{zhang_mechanical_2017,
	title = {Mechanical {Behavior} of {Corn} {Stalk} {Pith}: an {Experimental} and {Modeling} {Study}},
	author = {Zhang, Lixian and Yang, Zhongping and Zhang, Qiang and Zhu, Xinhua and Hu, Haijun},
	year = {2017},
}

@book{popov_mechanics_2015,
	edition = {2},
	title = {Mechanics of {Materials}},
	author = {Popov, E. P. and Nagarajan, S. and Lu, Z. A.},
	year = {2015},
}

@book{boresi_advanced_2002,
	edition = {6},
	title = {Advanced {Mechanics} of {Materials}},
	author = {Boresi, Arthur and Schmidt, Richard},
	year = {2002},
}

@misc{noauthor_astm_nodate,
	title = {{ASTM} {E143}-20: {Standard} {Test} {Method} for {Shear} {Modulus} at {Room} {Temperature}},
}

@book{rowell_chemistry_1984,
	title = {The {Chemistry} of {Solid} {Wood}; {Advances} in {Chemistry}},
	author = {Rowell, Roger and Skaar, C},
	year = {1984},
}

@techreport{usda_corn_2023,
	title = {Corn and {Other} {Feed} {Grains}},
	author = {USDA},
	year = {2023},
}

@article{al-zube_measuring_2017,
	title = {Measuring the compressive modulus of elasticity of pith-filled plant stems},
	journal = {Plant Methods},
	author = {Al-Zube, Loay and Robertson, Daniel and Edwards, Jean and Sun, Wenhuan and Cook, Douglas},
	year = {2017},
}

@book{coleman_experimentation_2009,
	title = {Experimentation, {Validation}, and {Uncertainty} {Analysis} for {Engineers}},
	author = {Coleman, Hugh and Steele, Glenn},
	year = {2009},
}

@book{green_wood_1999,
	title = {Wood {Handbook}: wood as an engineering material},
	author = {Green, D and Winandy, J and Kretschmann, D},
	year = {1999},
}

@book{hallauer_corn_1988,
	edition = {3},
	series = {Agronomy {Monographs}},
	title = {Corn {Breeding}},
	volume = {18},
	author = {Hallauer, A. R. and Russell, Wilbert A. and Lamkey, K. R.},
	year = {1988},
}

@article{xue_evaluation_2020,
	title = {Evaluation of maize lodging resistance based on the critical wind speed of stalk breaking during the late growth stage},
	journal = {Plant Methods},
	author = {Xue, Jun and Ming, Bo and Xie, Ruizhi and Keru, Wang and Peng, Hou and Li, Shaokun},
	year = {2020},
}

@book{saltelli_sensitivity_2009,
	edition = {1},
	title = {Sensitivity {Analysis}},
	publisher = {Wiley},
	author = {Saltelli, A. and Chan, K. and Scott, E. M.},
	year = {2009},
}

@article{richter_sensitivity_2010,
	title = {Sensitivity analysis for a complex crop model applied to {Durum} wheat in the {Mediterranean}},
	volume = {32},
	number = {2},
	journal = {European Journal of Agronomy},
	author = {Richter, G. M. and Acutis, M. and Trevisiol, P. and Latiri, K. and Confalonieri, R.},
	year = {2010},
}

@article{gao_image_2018,
	title = {Image processing-aided {FEA} for monitoring dynamic response of potato tubers to impact loading},
	volume = {151},
	journal = {Computers and Electronics in Agriculture},
	author = {Gao, Yingwang and Song, Chenbo and Rao, Xioqin and Ying, Yibin},
	year = {2018},
	pages = {21--30},
}

@article{confalonieri_comparison_2010,
	title = {Comparison of sensitivity analysis techniques: {A} case study with the rice model {WARM}},
	volume = {221},
	journal = {Ecological Modelling},
	author = {Confalonieri, R. and Bellocchi, G. and Bregaglio, S. and Donatelli, M. and Acutis, M.},
	year = {2010},
	pages = {1897--1906},
}

@article{velloso_finite_2018,
	title = {The {Finite} {Element} {Method} {Applied} to {Agricultural} {Engineering}: {A} {Review}},
	volume = {6},
	number = {3},
	journal = {Current Agriculture Research Journal},
	author = {VELLOSO, NARA SILVEIRA and COSTA, ANDRÉ LUIS GONÇALVES and MAGALHÃES, RICARDO RODRIGUES and SANTOS, FÁBIO LÚCIO and DE ANDRADE, EDNILTON TAVARES},
	year = {2018},
}

@article{ottesen_development_2023-1,
	title = {Development and stochastic validation of a parameterized model of maize stalk flexure and buckling},
	volume = {5},
	number = {2},
	journal = {in silico Plants},
	author = {Ottesen, Michael and Carter, Joseph and Hall, Ryan and Liu, Nan-Wei and Cook, Douglas D},
	year = {2023},
}

@article{carter_measurement_2023,
	title = {Measurement of {Maize} {Stalk} {Shear} {Moduli}},
	journal = {Plant Methods},
	author = {Carter, Joseph and Hoffman, Joshua and Fjeldsted, Braxton and Ogilvie, Grant and Cook, Douglas D},
	year = {2023},
}

@book{hitchings_nafems_2007,
	title = {{NAFEMS}: {An} {Introduction} to {Modeling} {Buckling} and {Collapse}},
	author = {Hitchings, D. and Falzon, B.},
	year = {2007},
}

@article{xue_physiological_2021,
	title = {Physiological {Influence} of {Stalk} {Rot} on {Maize} {Lodging} after {Physiological} {Maturity}},
	volume = {11},
	journal = {agronomy},
	author = {Xue, Jun and Gao, Shang and Hou, Liangyu and Li, Lulu and Ming, Bo and Xie, Ruizhi and Wang, Keru and Hou, Peng and Li, Shaokun},
	year = {2021},
}

@article{xiao_--fly_2020,
	title = {On-the-fly model reduction for large-scale structural topology optimization using principal components analysis},
	volume = {62},
	journal = {Structural and Multidisciplinary Optimization},
	author = {Xiao, Manyu and Lu, Dongcheng and Breitkopf, Piotr and Raghavan, Balaji and Dutta, Subhrajit and Zhang, Weihong},
	year = {2020},
}

@article{schwarz_principal_2018,
	title = {Principal component analysis and singular value decomposition used for a numerical sensitivity analysis of a complex drawn part},
	volume = {94},
	journal = {The International Journal of Advanced Manufacturing Technology},
	author = {Schwarz, Christian and Ackert, Patrick and Mauermann, Reinhard},
	year = {2018},
	pages = {2255--2265},
}

@book{ramsey_statistical_2013,
	edition = {3},
	title = {The {Statistical} {Sleuth}: {A} {Course} in {Methods} of {Data} {Analysis}},
	author = {Ramsey, Fred and Schafer, Daniel},
	year = {2013},
}

@book{navidi_statistics_2020,
	edition = {5},
	title = {Statistics for {Engineers} and {Scientists}},
	author = {Navidi, William},
	year = {2020},
}

@book{blokdyk_procedural_2020,
	title = {Procedural {Programming} {A} {Complete} {Guide}},
	author = {Blokdyk, Gerardus},
	year = {2020},
}

@article{benzley_comparison_1995,
	title = {A {Comparison} of {All} {Hexagonal} and {All} {Tetrahedral} {Finite} {Element} {Meshes} for {Elastic} and {Elasto}-plastic {Analysis}},
	journal = {4th international meshing roundtable},
	author = {Benzley, Steven E and Perry, Ernest and Merkley, Karl and Clark, Brett and Sjaardama, Greg},
	year = {1995},
}

@book{hughes_finite_1987,
	title = {The {Finite} {Element} {Method}},
	author = {Hughes, Thomas J. R.},
	year = {1987},
}

@article{robertson_maize_2016,
	title = {Maize {Stalk} {Lodging}: {Flexural} {Stiffness} {Predicts} {Strength}},
	journal = {Crop Science},
	author = {Robertson, Daniel and Lee, Shien Yang and Julias, Margaret and Cook, Douglas D},
	year = {2016},
}

@article{robertson_maize_2017,
	title = {Maize {Stalk} {Lodging}: {Morphological} {Determinants} of {Stalk} {Strength}},
	journal = {Crop Science},
	author = {Robertson, Daniel and Julias, Margaret and Cook, Douglas D},
	year = {2017},
}

@book{jackson_users_1991,
	title = {A {User}'s {Guide} to {Principal} {Components}},
	author = {Jackson, Edward J.},
	year = {1991},
}

@article{thompson_corn_2014,
	title = {Corn stover for bioenergy production: {Cost} estimates and farmer supply response},
	volume = {62},
	journal = {Biomass and Bioenergy},
	author = {Thompson, Jena L. and Tyner, Wallace E.},
	year = {2014},
	pages = {166--173},
}

@article{robertson_improved_2014,
	title = {An {Improved} {Method} for {Accurate} {Phenotyping} of {Corn} {Stalk} {Strength}},
	journal = {Crop Science},
	author = {Robertson, Daniel and Smith, Simeon and Gardunia, Brian and Cook, Douglas D},
	year = {2014},
}

@article{robertson_measuring_2015,
	title = {On {Measuring} the {Bending} {Strength} {Of} {Septate} {Grass} {Stems}},
	journal = {American Journal of Botany},
	author = {Robertson, Daniel and Smith, Simeon and Cook, Douglas D},
	year = {2015},
}

@book{hashmi_comprehensive_2014,
	title = {Comprehensive {Materials} {Processing}},
	author = {Hashmi, Saleem and Van Tyne, Chester J and Batalha, Gilmar Ferriera and Yilbas, Bekir},
	year = {2014},
}

@article{hamby_comparison_1995,
	title = {A {Comparison} {Of} {Sensitivity} {Analysis} {Techniques}},
	journal = {Health Physics},
	author = {Hamby, D. M.},
	year = {1995},
}

@book{saranpaa_wood_2009,
	title = {Wood {Quality} and its {Biological} {Basis}},
	author = {Saranpaa, Pekka},
	year = {2009},
}

@article{huang_density_2015,
	title = {Density distribution profile for internodes and nodes of {Phyllostachys} edulis ({Moso} bamboo) by computer tomography scanning},
	volume = {93},
	journal = {Construction and Building Materials},
	author = {Huang, Puxi and Chang, Wen-Shao and Ansell, Martin P and Chew, Y. M. John and Shea, Andy},
	year = {2015},
	pages = {197--204},
}

@book{joliffe_principal_2002,
	title = {Principal {Component} {Analysis}},
	author = {Joliffe, I. T.},
	year = {2002},
}

@book{falzon_buckling_2008,
	title = {Buckling and {Postbuckling} {Structures}},
	author = {Falzon, B. and Aliabadi, M. H.},
	year = {2008},
}

@article{kumar_bending_2015,
	title = {Bending and {Cutting} {Characteristics} of {Maize} {Stalk} {Residue}},
	journal = {Research Journal of Agricultural Sciences},
	author = {Kumar, Ananda T. M. and Reddy, Sanjeeva},
	year = {2015},
}

@book{touzani_finite_2020,
	title = {Finite {Elements} and {Symmetry}},
	author = {Touzani, Rachid},
	year = {2020},
}

@article{groen_ignoring_2017,
	title = {Ignoring correlation in uncertainty and sensitivity analysis in life cycle assessment: what is the risk?},
	volume = {62},
	journal = {Environmental Impact Assessment Review},
	author = {Groen, E. A. and Heijungs, R.},
	year = {2017},
	pages = {98--109},
}

@book{milton_theory_2002,
	title = {The {Theory} of {Composites}},
	author = {Milton, G. W.},
	year = {2002},
}

@book{sarndal_model_2003,
	title = {Model {Assisted} {Survey} {Sampling}},
	author = {Särndal, Carl-Erik and Wretman, Jan},
	year = {2003},
}

@article{zabler_moisture_2010,
	title = {Moisture changes in the plant cell wall force cellulose crystallites to deform},
	volume = {171},
	journal = {Journal of Structural Biology},
	author = {Zabler, S and Paris, O and Burgert, I and Fratzl, P},
	year = {2010},
	pages = {133--141},
}

@inproceedings{revelo_development_2022,
	title = {Development of a {Method} to {Test} {Bamboo} {Culms} in {Direct} {Torsion}},
	author = {Revelo, Daniel Chacón and Papadopoulos, Christopher and Costa, Felipe Acosta and Harries, Kent A and Saffar, Ali},
	year = {2022},
}

@article{brabec_utilization_2016,
	title = {Utilization of digital image correlation in determining of both longitudinal shear moduli of wood at single torsion test},
	volume = {51},
	journal = {Wood Science and Technology},
	author = {Brabec, Martin and Lagana, Rastislav and Milch, Jaromir and Tippner, Jan and Sebera, Vaclav},
	year = {2016},
	pages = {29--45},
}

@article{robertson_corn_2015,
	title = {Corn {Stalk} {Lodging}: {A} {Forensic} {Engineering} {Approach} {Provides} {Insights} into {Failure} {Patterns} and {Mechanisms}},
	journal = {Crop Science},
	author = {Robertson, Daniel and Julias, Margaret and Gardunia, Brian and Barten, Ty and Cook, Douglas D},
	year = {2015},
}

@article{hale_assessing_2023,
	title = {Assessing axial and temporal effects of the leaf sheath on the flexural stiffness of large‐grain stems.},
	volume = {63},
	number = {2},
	journal = {Crop Science},
	author = {Hale, J and Webb, S and Stubbs, C and Cook, Douglas D},
	year = {2023},
	pages = {822--832},
}

@article{martin-nelson_axial_2021,
	title = {Axial variation in flexural stiffness of plant stem segments: measurement methods and the influence of measurement uncertainty},
	volume = {17},
	journal = {Plant Methods},
	author = {Martin-Nelson, N and Sutherland, Brandon and Yancey, M and Liao, C S and Stubbs, Christopher and Cook, Douglas D},
	year = {2021},
}

@article{oduntan_effect_2024,
	title = {The effect of structural bending properties versus material bending properties on maize stalk lodging.},
	volume = {159},
	journal = {European Journal of Agronomy},
	author = {Oduntan, Y and Kunduru, B and Tabaracci, K and Mengistie, E and McDonald, A G and Sekhon, R S and Robertson, Daniel},
	year = {2024},
}

@article{duvick_contribution_2005,
	title = {The {Contribution} of {Breeding} to {Yield} {Advances} in maize},
	volume = {86},
	journal = {Advances in Agronomy},
	author = {Duvick, D N},
	year = {2005},
	pages = {83--145},
}

@techreport{usda_grain_2024,
	title = {Grain: {World} {Markets} and {Trade}},
	author = {USDA},
	year = {2024},
}

@techreport{usda_feed_2023,
	title = {Feed {Grains} {Sector} at a {Glance}},
	author = {USDA},
	year = {2023},
}

@techreport{us_department_of_energy_ethanol_2024,
	title = {Ethanol {Fuel} {Basics}},
	author = {US Department of Energy},
	year = {2024},
}

@article{stubbs_mapping_2020,
	title = {Mapping spatially distributed material properties in finite element models of plant tissue using computed tomography},
	journal = {Biosystems Engineering},
	author = {Stubbs, Christopher and Larson, Ryan and Cook, Douglas D},
	year = {2020},
}

@article{nelson_measurement_2019,
	title = {Measurement accuracy and uncertainty in plant biomechanics.},
	journal = {Journal of Experimental Botany},
	author = {Nelson, Nathanael and Stubbs, Christopher and Larson, Ryan and Cook, Douglas D},
	year = {2019},
}

@inproceedings{ogilvie_effects_2024,
	title = {Effects of the {Leaf} {Sheath} on {Stalk} {Strength} in {Maize}},
	author = {Ogilvie, Grant and Cook, Douglas D and Hall, Ryan and Shamo, Christian and Hall, Jacob and Smith, Kenneth and Noh, Carter},
	year = {2024},
}
